<record><leader>00000cas a22000007a 4500</leader><controlfield tag="001">17358844</controlfield><controlfield tag="008">880119d18811883ohuwr ne      0    0eng d</controlfield><datafield ind1=" " ind2=" " tag="010"><subfield code="a">sn 88077020 </subfield></datafield><datafield ind1=" " ind2=" " tag="040"><subfield code="a">ONP</subfield><subfield code="b">eng</subfield><subfield code="c">ONP</subfield><subfield code="d">OCLCQ</subfield></datafield><datafield ind1=" " ind2=" " tag="042"><subfield code="a">msc</subfield></datafield><datafield ind1="0" ind2="4" tag="245"><subfield code="a">The Xenia Republican and weekly sunlight.</subfield></datafield><datafield ind1=" " ind2=" " tag="260"><subfield code="a">Xenia, Ohio :</subfield><subfield code="b">Marshall &amp; Beveridge,</subfield><subfield code="c">1881-1883.</subfield></datafield><datafield ind1=" " ind2=" " tag="310"><subfield code="a">Weekly</subfield></datafield><datafield ind1="0" ind2=" " tag="362"><subfield code="a">Vol. 3, no. 47 (Sept. 27, 1881)-v. 5, no. 23 (Apr. 10, 1883) = Whole no. 151-whole no. 231.</subfield></datafield><datafield ind1=" " ind2=" " tag="752"><subfield code="a">United States</subfield><subfield code="b">Ohio</subfield><subfield code="c">Greene</subfield><subfield code="d">Xenia.</subfield></datafield><datafield ind1="0" ind2="0" tag="780"><subfield code="t">Xenia weekly sunlight</subfield><subfield code="w">(DLC)sn 88077019</subfield></datafield><datafield ind1="0" ind2="0" tag="785"><subfield code="t">Xenia Republican</subfield><subfield code="w">(DLC)sn 88077021</subfield></datafield></record>